<record><leader>00000cas a22000007i 4500</leader><controlfield tag="001">180055697</controlfield><controlfield tag="006">m     o  d        </controlfield><controlfield tag="007">cr cnu||||||||</controlfield><controlfield tag="008">071031d18401920nyudr nso     0   a0eng d</controlfield><datafield ind1=" " ind2=" " tag="010"><subfield code="a">  2016271172</subfield></datafield><datafield ind1=" " ind2=" " tag="040"><subfield code="a">EYM</subfield><subfield code="b">eng</subfield><subfield code="e">rda</subfield><subfield code="c">EYM</subfield><subfield code="d">OCLCQ</subfield><subfield code="d">CUI</subfield><subfield code="d">CRL</subfield><subfield code="d">DLC</subfield><subfield code="d">CRL</subfield><subfield code="d">OCLCQ</subfield><subfield code="d">OCLCF</subfield><subfield code="d">CRL</subfield><subfield code="d">OCLCO</subfield><subfield code="d">CRL</subfield><subfield code="d">OCLCQ</subfield><subfield code="d">DLC</subfield></datafield><datafield ind1=" " ind2=" " tag="019"><subfield code="a">663118442</subfield></datafield><datafield ind1="0" ind2=" " tag="022"><subfield code="a">2474-3232</subfield><subfield code="2">1</subfield></datafield><datafield ind1=" " ind2=" " tag="042"><subfield code="a">msc</subfield><subfield code="a">nsdp</subfield></datafield><datafield ind1=" " ind2=" " tag="043"><subfield code="a">n-us-ny</subfield></datafield><datafield ind1="1" ind2="0" tag="050"><subfield code="a">ISSN RECORD</subfield></datafield><datafield ind1=" " ind2="4" tag="050"><subfield code="a">AN</subfield></datafield><datafield ind1="1" ind2="0" tag="082"><subfield code="a">071</subfield><subfield code="2">23</subfield></datafield><datafield ind1="0" ind2=" " tag="130"><subfield code="a">New York herald (New York, N.Y. : 1840)</subfield></datafield><datafield ind1=" " ind2="4" tag="222"><subfield code="a">The New York herald</subfield><subfield code="b">(New York, N.Y.  1840. Print)</subfield></datafield><datafield ind1="1" ind2="4" tag="245"><subfield code="a">The New York herald.</subfield></datafield><datafield ind1="1" ind2="3" tag="246"><subfield code="a">New York Daily Herald</subfield></datafield><datafield ind1=" " ind2="1" tag="264"><subfield code="a">New York [N.Y.] :</subfield><subfield code="b">James Gordon Bennett</subfield></datafield><datafield ind1=" " ind2=" " tag="300"><subfield code="a">1 online resource</subfield></datafield><datafield ind1=" " ind2=" " tag="310"><subfield code="a">Daily,</subfield><subfield code="b">Jan. 9, 1842-1920</subfield></datafield><datafield ind1=" " ind2=" " tag="321"><subfield code="a">Daily (except Sunday),</subfield><subfield code="b">1840-Jan. 8, 1842</subfield></datafield><datafield ind1=" " ind2=" " tag="336"><subfield code="a">text</subfield><subfield code="b">txt</subfield><subfield code="2">rdacontent</subfield></datafield><datafield ind1=" " ind2=" " tag="337"><subfield code="a">computer</subfield><subfield code="b">c</subfield><subfield code="2">rdamedia</subfield></datafield><datafield ind1=" " ind2=" " tag="338"><subfield code="a">online resource</subfield><subfield code="b">cr</subfield><subfield code="2">rdacarrier</subfield></datafield><datafield ind1="1" ind2=" " tag="362"><subfield code="a">Began with [vol.] VI, no. 1565 (September 21, 1840); ceased January 31, 1920.</subfield></datafield><datafield ind1=" " ind2=" " tag="580"><subfield code="a">Weekly eds.: Weekly herald (New York, N.Y. : 1836), 1840-&lt;1888&gt;, and: Dollar weekly herald (New York, N.Y.), &lt;1849&gt;, and: Family herald, 1857-&lt;1862&gt;</subfield></datafield><datafield ind1=" " ind2=" " tag="580"><subfield code="a">Steamer eds.: Herald for Europe, 1846-&lt;1848&gt;, and: California herald (New York, N.Y.), 1848-&lt;1849&gt;, and: New York herald (New York, N.Y. : California ed.), &lt;1852-1858&gt;, and: New York herald (New York, N.Y. : Pacific ed.), &lt;1864-1865&gt;</subfield></datafield><datafield ind1=" " ind2=" " tag="580"><subfield code="a">Merged with Sun (New York, N.Y. : 1916) to form Sun and the New York herald.</subfield></datafield><datafield ind1=" " ind2=" " tag="588"><subfield code="a">Description based on: Vol. VII, No. 200, Whole No. 1958 (January 3, 1842); title from masthead (Chroniclingamerica.loc.gov, viewed September 21, 2016).</subfield></datafield><datafield ind1=" " ind2=" " tag="588"><subfield code="a">Latest issue consulted: Vol. VII, No. 200, Whole No. 1958 (January 3, 1842) (Chroniclingamerica.loc.gov, viewed September 21, 2016).</subfield></datafield><datafield ind1=" " ind2="0" tag="651"><subfield code="a">New York (N.Y.)</subfield><subfield code="v">Newspapers.</subfield></datafield><datafield ind1=" " ind2="0" tag="651"><subfield code="a">New York County (N.Y.)</subfield><subfield code="v">Newspapers.</subfield></datafield><datafield ind1=" " ind2="7" tag="651"><subfield code="a">New York (State)</subfield><subfield code="z">New York.</subfield><subfield code="2">fast</subfield><subfield code="0">(OCoLC)fst01204333</subfield></datafield><datafield ind1=" " ind2="7" tag="651"><subfield code="a">New York (State)</subfield><subfield code="z">New York County.</subfield><subfield code="2">fast</subfield><subfield code="0">(OCoLC)fst01234953</subfield></datafield><datafield ind1=" " ind2="7" tag="655"><subfield code="a">Newspapers.</subfield><subfield code="2">fast</subfield><subfield code="0">(OCoLC)fst01423814</subfield></datafield><datafield ind1=" " ind2=" " tag="752"><subfield code="a">United States</subfield><subfield code="b">New York</subfield><subfield code="c">New York</subfield><subfield code="d">New York.</subfield></datafield><datafield ind1="1" ind2=" " tag="775"><subfield code="t">Weekly herald (New York, N.Y. : 1836)</subfield></datafield><datafield ind1="1" ind2=" " tag="775"><subfield code="t">Dollar weekly herald (New York, N.Y.)</subfield></datafield><datafield ind1="1" ind2=" " tag="775"><subfield code="t">Family herald</subfield></datafield><datafield ind1="1" ind2=" " tag="775"><subfield code="t">Herald for Europe</subfield></datafield><datafield ind1="1" ind2=" " tag="775"><subfield code="t">California herald (New York, N.Y.)</subfield></datafield><datafield ind1="1" ind2=" " tag="775"><subfield code="t">New York herald (New York, N.Y. : California ed.)</subfield></datafield><datafield ind1="1" ind2=" " tag="775"><subfield code="t">New York herald (New York, N.Y. : Pacific ed.)</subfield></datafield><datafield ind1="0" ind2="8" tag="776"><subfield code="i">Originally issued in print:</subfield><subfield code="t">New York herald (New York, N.Y. : 1840)</subfield><subfield code="x">2474-3224</subfield><subfield code="w">(DLC)sn 83030313</subfield><subfield code="w">(OCoLC)9467138</subfield></datafield><datafield ind1="0" ind2="0" tag="780"><subfield code="t">Morning herald (New York, N.Y. : 1837)</subfield></datafield><datafield ind1="1" ind2="7" tag="785"><subfield code="t">Sun (New York, N.Y. : 1916)</subfield><subfield code="x">2169-6268</subfield><subfield code="w">(DLC)  2012203882</subfield><subfield code="w">(OCoLC)778033339</subfield></datafield><datafield ind1="1" ind2="7" tag="785"><subfield code="t">Sun and the New York herald</subfield></datafield><datafield ind1="4" ind2="0" tag="856"><subfield code="3">10/15/1844-08/31/1863</subfield><subfield code="z">Access to the Early American newspapers. Series 1, 1690-1876 online version restricted (authentication may be required):</subfield><subfield code="u">http://infoweb.newsbank.com/?db=EANX&amp;s_browseRef=decades/11A050B7B120D3F8/all.xml</subfield></datafield><datafield ind1="4" ind2="0" tag="856"><subfield code="3">Center for Research Libraries: 1848</subfield><subfield code="u">https://dds.crl.edu/crldelivery/16050</subfield><subfield code="z">Center for Research Libraries: 1848</subfield></datafield><datafield ind1="4" ind2="0" tag="856"><subfield code="u">http://gale.cengage.com/usnewspapers/</subfield><subfield code="z">Available to subscribing institutions</subfield></datafield><datafield ind1="4" ind2="0" tag="856"><subfield code="u">http://chroniclingamerica.loc.gov/lccn/sn83030313/issues</subfield></datafield><datafield ind1="1" ind2=" " tag="029"><subfield code="a">AU@</subfield><subfield code="b">000044943198</subfield></datafield><datafield ind1="1" ind2=" " tag="029"><subfield code="a">AU@</subfield><subfield code="b">000045733901</subfield></datafield></record>